<?xml version="1.0" encoding="UTF-8"?><collection xmlns="http://www.loc.gov/MARC21/slim"><record><leader>00551nam--2200181-i-4500</leader><controlfield tag="001">000048050</controlfield><controlfield tag="002">20161230</controlfield><controlfield tag="005">20161230201046</controlfield><controlfield tag="008">060222s1000------------r-----000-0-eng-d</controlfield><datafield ind1=" " ind2=" " tag="040"><subfield code="a">IFIN-HH</subfield></datafield><datafield ind1=" " ind2=" " tag="080"><subfield code="a">537.1.07</subfield></datafield><datafield ind1="1" ind2=" " tag="100"><subfield code="a">Korff, Serge A</subfield></datafield><datafield ind1="1" ind2="0" tag="245"><subfield code="a">Electron and nuclear counters</subfield><subfield code="b">Theory and use with chapter on scintilation counters by h. kallmann</subfield><subfield code="c">Serge a. korff</subfield></datafield><datafield ind1=" " ind2=" " tag="250"><subfield code="a">Scond Printing</subfield></datafield><datafield ind1=" " ind2=" " tag="260"><subfield code="a">New York</subfield><subfield code="b">D.Van Nostrand Company, Inc</subfield><subfield code="c">1955</subfield></datafield><datafield ind1=" " ind2=" " tag="300"><subfield code="a">363P</subfield></datafield><datafield ind1=" " ind2=" " tag="852"><subfield code="a">10884</subfield><subfield code="c">539.1.07:539.1.08</subfield></datafield><datafield ind1=" " ind2=" " tag="CAT"><subfield code="a">Sys</subfield><subfield code="c">20111017</subfield><subfield code="h">165513</subfield></datafield></record></collection>